
%--------------------Cloud is not a silver bullet-------------------------------
@inproceedings{sivakumar2014cloud,
  title={Cloud is not a silver bullet: A case study of cloud-based mobile browsing},
  author={Sivakumar, Ashiwan and Gopalakrishnan, Vijay and Lee, Seungjoon and Rao, Sanjay and Sen, Subhabrata and Spatscheck, Oliver},
  booktitle={Proceedings of the 15th Workshop on Mobile Computing Systems and Applications},
  pages={21},
  year={2014},
  organization={ACM}
}

%---------------Accelerating the mobile web with selective offloading------------
@inproceedings{wang2013accelerating,
  title={Accelerating the mobile web with selective offloading},
  author={Wang, Xiao Sophia and Shen, Haichen and Wetherall, David},
  booktitle={Proceedings of the second ACM SIGCOMM workshop on Mobile cloud computing},
  pages={45--50},
  year={2013},
  organization={ACM}
}

%-----------------A close examination of performance and power characteristics of 4g lte networks-------
@inproceedings{huang2012close,
  title={A close examination of performance and power characteristics of 4G LTE networks},
  author={Huang, Junxian and Qian, Feng and Gerber, Alexandre and Mao, Z Morley and Sen, Subhabrata and Spatscheck, Oliver},
  booktitle={Proceedings of the 10th international conference on Mobile systems, applications, and services},
  pages={225--238},
  year={2012},
  organization={ACM}
}

%----------------Torrents----------------------------------------------------------
@inproceedings{kelenyi2010cloudtorrent,
  title={Cloudtorrent-energy-efficient bittorrent content sharing for mobile devices via cloud services},
  author={Kel{\'e}nyi, Imre and Nurminen, Jukka K},
  booktitle={Proceedings of the 7th IEEE on Consumer Communications and Networking Conference (CCNC)},
  volume={1},
  year={2010}
}

%-----------------Fuzzy Sets--------------------------------------------------------
@inproceedings{flores2013adaptive,
  title={Adaptive code offloading for mobile cloud applications: Exploiting fuzzy sets and evidence-based learning},
  author={Flores Macario, Huber Raul and Srirama, Satish},
  booktitle={Proceeding of the fourth ACM workshop on Mobile cloud computing and services},
  pages={9--16},
  year={2013},
  organization={ACM}
}
%--------------------Smartphone Energizer-------------------------------
@inproceedings{khairy2013smartphone,
  title={Smartphone Energizer: Extending Smartphone's battery life with smart offloading},
  author={Khairy, Ayat and Ammar, Hany H and Bahgat, Reem},
  booktitle={Wireless Communications and Mobile Computing Conference (IWCMC), 2013 9th International},
  pages={329--336},
  year={2013},
  organization={IEEE}
}

%---------------WEBSITES--------------------------------------------------------
%-------------------------------------------------------------------------------
%-------------------------------------------------------------------------------
@misc{AmazonSilk,
  title = {Amazon silk split browser architecture.},
  howpublished = {\url{https://s3.amazonaws.com/awsdocs/AmazonSilk/latest/silk-dg.pdf}},
}


@misc{ChromeBeta,
  title = {Data compression proxy in android chrome beta.},
  howpublished = {\url{https://developers.google.com/chrome/mobile/docs/data-compression}},
}

@misc{OperaMini,
  title = {Opera mini architecture and javascript.},
  howpublished = {\url{http://dev.opera.com/articles/view/opera-mini-and-javascript/}},
}

@misc{Gaikai,
  title = {GAIKAI},
  howpublished = {\url{https://www.gaikai.com/}},
}

@misc{gcluster,
  title = {G-Cluster Global},
  howpublished = {\url{http://www.gcluster.com/eng/}},
}

@misc{gamingeverywhere,
  title = {Gaming Everywhere},
  howpublished = {\url{http://gamingeverywhere.com/}},
}
