@Book{Bishop06,
  author = 	 {Christopher Bishop},
  title = 	 {Pattern Recognition and Machine Learning},
  publisher = 	 {Springer},
  year = 	 2006}

@Book{Bishop07,
  author = 	 {Christopher Bishop7},
  title = 	 {Pattern Recognition and Machine Learning7},
  publisher = 	 {Springer7},
  year = 	 2007}

@Book{CS545,
  author = 	 {Charles Anderson},
  title = 	 {Cs545 machine learning lectures},
  publisher = 	 {Colorado State University},
  year = 	 2014}

@misc{UCI,
  title = {UC Irvine Machine Learning Repository},
  howpublished = {\url{https://archive.ics.uci.edu/ml/datasets/Human+Activity+Recognition+Using+Smartphones}},
}



@article{kumar2010cloud,
  title={Cloud computing for mobile users: Can offloading computation save energy?},
  author={Kumar, Karthik and Lu, Yung-Hsiang},
  journal={Computer},
  volume={43},
  number={4},
  pages={51--56},
  year={2010},
  publisher={Institute of Electrical and Electronics Engineers, Inc., 3 Park Avenue, 17 th Fl New York NY 10016-5997 United States}
}

@inproceedings{flores2013adaptive,
  title={Adaptive code offloading for mobile cloud applications: Exploiting fuzzy sets and evidence-based learning},
  author={Flores Macario, Huber Raul and Srirama, Satish},
  booktitle={Proceeding of the fourth ACM workshop on Mobile cloud computing and services},
  pages={9--16},
  year={2013},
  organization={ACM}
}

@book{sutton1998introduction,
  title={Introduction to reinforcement learning},
  author={Sutton, Richard S and Barto, Andrew G},
  year={1998},
  publisher={MIT Press}
}

@inproceedings{wang2004parametric,
  title={Parametric analysis for adaptive computation offloading},
  author={Wang, Cheng and Li, Zhiyuan},
  booktitle={ACM SIGPLAN Notices},
  volume={39},
  number={6},
  pages={119--130},
  year={2004},
  organization={ACM}
}

@article{flores2015mobile,
  title={Mobile code offloading: from concept to practice and beyond},
  author={Flores, Huber and Hui, Pan and Tarkoma, Sasu and Li, Yong and Srirama, Satish and Buyya, Rajkumar},
  journal={Communications Magazine, IEEE},
  volume={53},
  number={3},
  pages={80--88},
  year={2015},
  publisher={IEEE}
}

%--------------------Smartphone Energizer-------------------------------
@inproceedings{khairy2013smartphone,
  title={Smartphone Energizer: Extending Smartphone's battery life with smart offloading},
  author={Khairy, Ayat and Ammar, Hany H and Bahgat, Reem},
  booktitle={Wireless Communications and Mobile Computing Conference (IWCMC), 2013 9th International},
  pages={329--336},
  year={2013},
  organization={IEEE}
}

@inproceedings{flores2013mobile,
  title={Mobile code offloading: should it be a local decision or global inference?},
  author={Flores, Huber and Srirama, Satish},
  booktitle={Proceeding of the 11th annual international conference on Mobile systems, applications, and services},
  pages={539--540},
  year={2013},
  organization={ACM}
}

@inproceedings{cuervo2010maui,
  title={MAUI: making smartphones last longer with code offload},
  author={Cuervo, Eduardo and Balasubramanian, Aruna and Cho, Dae-ki and Wolman, Alec and Saroiu, Stefan and Chandra, Ranveer and Bahl, Paramvir},
  booktitle={Proceedings of the 8th international conference on Mobile systems, applications, and services},
  pages={49--62},
  year={2010},
  organization={ACM}
}

@inproceedings{chun2011clonecloud,
  title={Clonecloud: elastic execution between mobile device and cloud},
  author={Chun, Byung-Gon and Ihm, Sunghwan and Maniatis, Petros and Naik, Mayur and Patti, Ashwin},
  booktitle={Proceedings of the sixth conference on Computer systems},
  pages={301--314},
  year={2011},
  organization={ACM}
}

@inproceedings{flores2011generic,
  title={A generic middleware framework for handling process intensive hybrid cloud services from mobiles},
  author={Flores, Huber and Srirama, Satish Narayana and Paniagua, Carlos},
  booktitle={Proceedings of the 9th International Conference on Advances in Mobile Computing and Multimedia},
  pages={87--94},
  year={2011},
  organization={ACM}
}

@incollection{kemp2012cuckoo,
  title={Cuckoo: a computation offloading framework for smartphones},
  author={Kemp, Roelof and Palmer, Nicholas and Kielmann, Thilo and Bal, Henri},
  booktitle={Mobile Computing, Applications, and Services},
  pages={59--79},
  year={2012},
  publisher={Springer}
}

@inproceedings{kosta2012thinkair,
  title={Thinkair: Dynamic resource allocation and parallel execution in the cloud for mobile code offloading},
  author={Kosta, Sokol and Aucinas, Andrius and Hui, Pan and Mortier, Richard and Zhang, Xinwen},
  booktitle={INFOCOM, 2012 Proceedings IEEE},
  pages={945--953},
  year={2012},
  organization={IEEE}
}


@misc{NNet,
  title = {THE NATURE OF CODE},
  author = {Daniel Shiffman},
  howpublished = {\url{http://natureofcode.com/book/chapter-10-neural-networks}},
}

@misc{ReinforcementL,
  title = {Reinforcement Learning},
  author = {Daniel Shiffman},
  howpublished = {\url{http://www.cse.unsw.edu.au/~cs9417ml/RL1/introduction.html}},
}

@misc{AmazonLambda,
  title = {AWS Lambda},
  howpublished = {\url{http://aws.amazon.com/lambda/}},
}

@misc{StackStorm,
  title = {StackStorm},
  howpublished = {\url{http://stackstorm.com/product/}},
}

@misc{nPerf,
  title = {nPerf from Google Play},
  howpublished = {\url{https://play.google.com/store/apps/details?id=com.nperf.tester&hl=en}},
}

@misc{averageAmerican,
  title = {protectyourbubble.com},
  howpublished = {\url{http://us.protectyourbubble.com/blog/}},
}
