@Book{Bishop06,
  author = 	 {Christopher Bishop},
  title = 	 {Pattern Recognition and Machine Learning},
  publisher = 	 {Springer},
  year = 	 2006}

@Book{Bishop07,
  author = 	 {Christopher Bishop7},
  title = 	 {Pattern Recognition and Machine Learning7},
  publisher = 	 {Springer7},
  year = 	 2007}

@Book{CS545,
  author = 	 {Charles Anderson},
  title = 	 {Cs545 machine learning lectures},
  publisher = 	 {Colorado State University},
  year = 	 2014}

@misc{UCI,
  title = {UC Irvine Machine Learning Repository},
  howpublished = {\url{https://archive.ics.uci.edu/ml/datasets/Human+Activity+Recognition+Using+Smartphones}},
}

@misc{wikiRL,
  title = {Wikipedia: The Free Encyclopedia},
  howpublished = {\url{http://en.wikipedia.org/wiki/Reinforcement_learning}},
}

@article{kumar2010cloud,
  title={Cloud computing for mobile users: Can offloading computation save energy?},
  author={Kumar, Karthik and Lu, Yung-Hsiang},
  journal={Computer},
  volume={43},
  number={4},
  pages={51--56},
  year={2010},
  publisher={Institute of Electrical and Electronics Engineers, Inc., 3 Park Avenue, 17 th Fl New York NY 10016-5997 United States}
}

@inproceedings{flores2013adaptive,
  title={Adaptive code offloading for mobile cloud applications: Exploiting fuzzy sets and evidence-based learning},
  author={Flores Macario, Huber Raul and Srirama, Satish},
  booktitle={Proceeding of the fourth ACM workshop on Mobile cloud computing and services},
  pages={9--16},
  year={2013},
  organization={ACM}
}

@book{sutton1998introduction,
  title={Introduction to reinforcement learning},
  author={Sutton, Richard S and Barto, Andrew G},
  year={1998},
  publisher={MIT Press}
}

@article{adityaFL,
title={Report on Implementation (Offloading Decision Engine app for Mobile Cloud Applications)},
author={Aditya Khune},
year={Dec 2014},
organization={Graduate Student, Colorado State University}
}

@article{adityaRL,
title={Implementation Report-2 using Reinforcement Learning to create Offloading Decision Engine},
author={Aditya Khune},
year={Jan 2015},
organization={Graduate Student, Colorado State University}
}
